@phdthesis{ahrsthesis,
  author = "Madgwick , Sebastian O. H.",
   title = "AHRS algorithms and calibration solutions to facilitate new applications using low-cost MEMS",
  school = "University of Bristol",
    year = 	2014}

@misc{ahrs, 
    	note = "imufusion, \url{https://github.com/xioTechnologies/Fusion}"
	}

@misc{structure, note = "How MEMS Accelerometer Gyroscope Magnetometer Work \& Arduino Tutorial, \url{https://youtu.be/eqZgxR6eRjo}"
	}


@misc{news, note = "How much info is Google getting from your phone?, \url{https://youtu.be/0s8ZG6HuLrU}"
	}


@misc{pico, 
	note = "raspberry pi pico, \url{https://www.raspberrypi.com/products/raspberry-pi-pico/}"
	}

@misc{pi4, 
	note = "raspberry pi 4, \url{https://www.raspberrypi.com/products/raspberry-pi-4-model-b/}"
	}

@misc{ism, 
	note = "Datasheet of ISM330DHCX, \url{https://www.st.com/resource/en/datasheet/ism330dhcx.pdf}"
	}
	
@article{rpimu,
      author         = "Hrisko, Joshua",
      title          = "{Calibration of an Inertial Measurement Unit (IMU) with Raspberry Pi}",
      journal        = "MakersPortal",
      year           = "2020",
      eprint         = "https://makersportal.com/blog/calibration-of-an-inertial-measurement-unit-with-raspberry-pi",
}

@misc{sixflags, 
	note = "Six Flags, \url{https://www.sixflags.com/magicmountain}"
	}

@article{spi,
      author         = "Arrow",
      title          = "{SPI vs I2C Protocols - Pros and Cons}",
      journal        = "MakersPortal",
      year           = "2019",
      eprint         = "https://www.arrow.com/en/research-and-events/articles/spi-vs-i2c-protocols-pros-and-cons",
}

@article{i2c,
      author         = "Bryan Siepert",
      title          = "{Learn how to use the LSM6DSOX, ISM330DHC, and LSM6DSO32 sensors with Arduino and Python}",
      journal        = "Adafruit",
      year           = "2019",
      eprint         = "https://learn.adafruit.com/lsm6dsox-and-ism330dhc-6-dof-imu/python-circuitpython",
}

